@MISC{HadoopInicial,
	title = {{Hadoop Web Site (sin fecha). Recuperado de}},
	howpublished = {\url{http://hadoop.apache.org/}},
}

@MISC{SparkInicial,
	title = {{Spark Web Site (sin fecha). Recuperado de}},
	howpublished = {\url{https://spark.apache.org/}},
}

@MISC{MongoInicial,
	title = {{MongoDB Web Site (sin fecha). Recuperado de}},
	howpublished = {\url{https://www.mongodb.com/es}},
}

@MISC{NodeJSInicial,
	title = {{NodeJS Web Site (sin fecha). Recuperado de}},
	howpublished = {\url{https://nodejs.org/es/}},
}

@MISC{modeloIncremental,
	title = {{Tavo (2011). Análisis y diseño de sistemas - Modelos para el desarrollo de software. Recuperado de}},
	howpublished = {\url{http://osc.co.cr/analisis-y-diseno-de-sistemas-modelos-para-el-desarrollo-de-software/}},
}

@MISC{ScalaInicial,
	title = {{Scala Web Site (sin fecha). Recuperado de}},
	howpublished = {\url{http://docs.scala-lang.org/tour/tour-of-scala.html}},
}

@MISC{NodeJSAbout,
	title = {{Acerca de NodeJS (sin fecha). Recuperado de}},
	howpublished = {\url{https://nodejs.org/es/about/}},
}

@MISC{NodeJSEventLoop,
	title = {{Pillai, P. (2016). NodeJS Event Loop. Recuperado de}},
	howpublished = {\url{https://www.linkedin.com/pulse/nodejs-event-loop-padmanabhan-pillai}},
}

@MISC{D3JSGithub,
	title = {{D3JS Github (sin fecha). Recuperado de}},
	howpublished = {\url{https://github.com/d3/d3/wiki}},
}

@MISC{GentelellaGithub,
	title = {{Gentelella Github (sin fecha). Recuperado de}},
	howpublished = {\url{https://github.com/puikinsh/gentelella}},
}

@MISC{BigDataIntro,
	title = {{Barranco, R. (2012). ¿Qué es Big Data? Recuperado de}},
	howpublished = {\url{https://www.ibm.com/developerworks/ssa/local/im/que-es-big-data/}},
}

@MISC{BigDataVisualization,
	title = {{Wang, L., Wang, G. and Alexander, C.A. (2015). Big Data and Visualization: Methods, Challenges and Technology Progress. Digital Technologies, Vol. 1, 1, pp 33-38}},
}

@MISC{OverviewBigDataVis,
	title = {{Patil, S.S. (2016). Overview of BigData Visualization. International Journal of Advanced Networking and Applications (IJANA), pp 436-438}},
}

@MISC{MRHadoopLibro,
	title = {{White, T. (2015). Map Reduce. En T. White (Ed.), Hadoop. The Definitive Guide, pp. 19-37. California, EE.UU. O'Reilly.}},
}

@MISC{HadoopHDFS,
	title = {{Hadoop HDFS Architecture (2013). Recuperado de}},
	howpublished = {\url{https://hadoop.apache.org/docs/r1.2.1/hdfs_design.html}},
}

@MISC{HDFSHadoopLibro,
	title = {{White, T. (2015). The Hadoop Distributed Filesystem. En T. White (Ed.), Hadoop. The Definitive Guide, pp. 43-79. California, EE.UU. O'Reilly.}},
}

@MISC{SparkClusterOverview,
	title = {{Cluster Mode Overview (sin fecha). Recuperado de}},
	howpublished = {\url{https://spark.apache.org/docs/latest/cluster-overview.html}},
}

@MISC{SparkRDD,
	title = {{Spark. Programming Guide (sin fecha). Recuperado de}},
	howpublished = {\url{https://spark.apache.org/docs/latest/rdd-programming-guide.html}},
}

@MISC{SparkRDDFuncionamiento,
	title = {{Kuntamukkala, A. (sin fecha). Apache Spark. An Engine for Large-Scale Data Processing. Recuperado de}},
	howpublished = {\url{https://dzone.com/refcardz/apache-spark}},
}

@MISC{MongoDBNoSQL,
	title = {{ACENS. Bases de datos NoSQL. Qué son y tipos que nos podemos encontrar (2014). Recuperado de}},
	howpublished = {\url{https://www.acens.com/wp-content/images/2014/02/bbdd-nosql-wp-acens.pdf}},
}

@MISC{MongoDBRanking,
	title = {{BD-Engines Ranking (2017). Recuperado de}},
	howpublished = {\url{https://db-engines.com/en/ranking}},
}

@MISC{MongoDBInicial,
	title = {{MongoDB Web Site (sin fecha). Recuperado de}},
	howpublished = {\url{https://www.mongodb.com/es}},
}

@MISC{LucidchartInicial,
	title = {{Lucidchart Web Site (sin fecha). Recuperado de}},
	howpublished = {\url{https://www.lucidchart.com/}},
}

@MISC{DockerInicial,
	title = {{Docker Web Site (sin fecha). Recuperado de}},
	howpublished = {\url{https://www.docker.com/}},
}

@MISC{TexstudioInicial,
	title = {{TeXstudio Web Site (sin fecha). Recuperado de}},
	howpublished = {\url{http://www.texstudio.org/}},
}

@MISC{SparkMongoConexion,
	title = {{MongoDB Connector for Spark (2016). Recuperado de}},
	howpublished = {\url{https://docs.mongodb.com/spark-connector/master/}},
}

@MISC{HadoopRestful,
	title = {{Hadoop WebHDFS REST API (2017). Recuperado de}},
	howpublished = {\url{https://hadoop.apache.org/docs/stable/hadoop-project-dist/hadoop-hdfs/WebHDFS.html}},
}

@MISC{NodeCmd,
	title = {{Node-Cmd Package (sin fecha). Recuperado de}},
	howpublished = {\url{https://www.npmjs.com/package/node-cmd}},
}

@MISC{MongooseInicial,
	title = {{Mongoose Web Site (sin fecha). Recuperado de}},
	howpublished = {\url{http://mongoosejs.com/}},
}

@MISC{D3JSGallery,
	title = {{D3JS Gallery (sin fecha). Recuperado de}},
	howpublished = {\url{https://github.com/d3/d3/wiki/Gallery}},
}

@MISC{PugInicial,
	title = {{Pug Web Site (sin fecha). Recuperado de}},
	howpublished = {\url{https://pugjs.org/api/getting-started.html}},
}

@MISC{SwaggerInicial,
	title = {{Swagger Web Site (sin fecha). Recuperado de}},
	howpublished = {\url{https://swagger.io/}},
}

@MISC{ForeverInicial,
	title = {{Forever package (sin fecha). Recuperado de}},
	howpublished = {\url{https://github.com/foreverjs/forever}},
}

@MISC{ForeverMonitor,
	title = {{Forever monitor (sin fecha). Recuperado de}},
	howpublished = {\url{https://github.com/foreverjs/forever-monitor}},
}

@MISC{InstalacionHadoopSparkNodos,
	title = {{Parra-Royón, M.J. (2017). Instalación y despliegue para Big Data UPNavarra. Recuperado de}},
	howpublished = {\url{https://github.com/manuparra/Instalacion-BigData-UPNavarra}},
}
