@MISC{HadoopInicial,
	title = {{Hadoop Web Site}},
	howpublished = {\url{http://hadoop.apache.org/}},
}

@MISC{SparkInicial,
	title = {{Spark Web Site}},
	howpublished = {\url{https://spark.apache.org/}},
}

@MISC{MongoInicial,
	title = {{MongoDB Web Site}},
	howpublished = {\url{https://www.mongodb.com/es}},
}

@MISC{NodeJSInicial,
	title = {{NodeJS Web Site}},
	howpublished = {\url{https://nodejs.org/es/}},
}

@MISC{modeloIncremental,
	title = {{Modelos para el desarrollo de software}},
	howpublished = {\url{http://osc.co.cr/analisis-y-diseno-de-sistemas-modelos-para-el-desarrollo-de-software/}},
}

@MISC{ScalaInicial,
	title = {{Scala Web Site}},
	howpublished = {\url{http://docs.scala-lang.org/tour/tour-of-scala.html}},
}

@MISC{NodeJSAbout,
	title = {{Funcionamiento de NodeJS}},
	howpublished = {\url{https://nodejs.org/es/about/}},
}

@MISC{NodeJSEventLoop,
	title = {{NodeJS Event Loop}},
	howpublished = {\url{https://www.linkedin.com/pulse/nodejs-event-loop-padmanabhan-pillai}},
}

@MISC{D3JSGithub,
	title = {{D3JS Github}},
	howpublished = {\url{https://github.com/d3/d3/wiki}},
}

@MISC{GentelellaGithub,
	title = {{Gentelella Github}},
	howpublished = {\url{https://github.com/puikinsh/gentelella}},
}

@MISC{GithubProyecto,
	title = {{URL GitHub del Proyecto}},
	howpublished = {\url{https://github.com/manuparra/vbd}},
}

@MISC{BigDataIntro,
	title = {{IBM. ¿Qué es Big Data?}},
	howpublished = {\url{https://www.ibm.com/developerworks/ssa/local/im/que-es-big-data/}},
}

@MISC{BigDataVisualization,
	title = {{Big Data and Visualization: Methods, Challenges and Technology Progress}},
	howpublished = {\url{http://pubs.sciepub.com/dt/1/1/7/}},
}

@MISC{OverviewBigDataVis,
	title = {{Patil, S.S. Overview of BigData Visualization. International Journal of Advanced Networking and Applications (IJANA)}},
}

@MISC{MRHadoopLibro,
	title = {{White, Tom. Hadoop. The Definitive Guide, 2015, pp. 19-37}},
}

@MISC{HadoopHDFS,
	title = {{Hadoop HDFS Architecture}},
	howpublished = {\url{https://hadoop.apache.org/docs/r1.2.1/hdfs_design.html}},
}

@MISC{HDFSHadoopLibro,
	title = {{White, Tom. Hadoop. The Definitive Guide, 2015, pp. 43-79}},
}

@MISC{SparkClusterOverview,
	title = {{Spark. Cluster Mode Overview}},
	howpublished = {\url{https://spark.apache.org/docs/latest/cluster-overview.html}},
}

@MISC{SparkRDD,
	title = {{Spark. Programming Guide}},
	howpublished = {\url{https://spark.apache.org/docs/latest/rdd-programming-guide.html}},
}

@MISC{SparkRDDFuncionamiento,
	title = {{RDD (Resilient Distributed Dataset)}},
	howpublished = {\url{https://dzone.com/refcardz/apache-spark}},
}

@MISC{MongoDBNoSQL,
	title = {{ACENS. Bases de datos NoSQL. Qué son y tipos que nos podemos encontrar}},
	howpublished = {\url{https://www.acens.com/wp-content/images/2014/02/bbdd-nosql-wp-acens.pdf}},
}

@MISC{MongoDBRanking,
	title = {{BD-Engines. DB-Engines Ranking}},
	howpublished = {\url{https://db-engines.com/en/ranking}},
}

@MISC{MongoDBInicial,
	title = {{MongoDB Web Site}},
	howpublished = {\url{https://www.mongodb.com/es}},
}

@MISC{LucidchartInicial,
	title = {{Lucidchart Web Site}},
	howpublished = {\url{https://www.lucidchart.com/}},
}

@MISC{DockerInicial,
	title = {{Docker Web Site}},
	howpublished = {\url{https://www.docker.com/}},
}

@MISC{TexstudioInicial,
	title = {{TeXstudio Web Site}},
	howpublished = {\url{http://www.texstudio.org/}},
}

@MISC{SparkMongoConexion,
	title = {{MongoDB Connector for Spark}},
	howpublished = {\url{https://docs.mongodb.com/spark-connector/master/}},
}

@MISC{HadoopRestful,
	title = {{Hadoop HTTP REST API}},
	howpublished = {\url{https://hadoop.apache.org/docs/current/hadoop-project-dist/hadoop-hdfs/WebHDFS.html#Introduction}},
}

@MISC{NodeCmd,
	title = {{Node-Cmd Package}},
	howpublished = {\url{https://www.npmjs.com/package/node-cmd}},
}

@MISC{MongooseInicial,
	title = {{Mongoose Web Site}},
	howpublished = {\url{http://mongoosejs.com/}},
}

@MISC{D3JSGallery,
	title = {{D3JS Gallery}},
	howpublished = {\url{https://github.com/d3/d3/wiki/Gallery}},
}

@MISC{PugInicial,
	title = {{Pug Web Site}},
	howpublished = {\url{https://pugjs.org/api/getting-started.html}},
}

@MISC{SwaggerInicial,
	title = {{Swagger Web Site}},
	howpublished = {\url{https://swagger.io/}},
}

@MISC{ForeverInicial,
	title = {{Forever package}},
	howpublished = {\url{https://github.com/foreverjs/forever}},
}

@MISC{ForeverMonitor,
	title = {{Forever monitor}},
	howpublished = {\url{https://github.com/foreverjs/forever-monitor}},
}

@MISC{InstalacionHadoopSparkNodos,
	title = {{Parra Royón, Manuel J.. Instalación y despliegue para Big Data}},
	howpublished = {\url{https://github.com/manuparra/Instalacion-BigData-UPNavarra}},
}
